@article{dreyer2016new,
  title={A new perspective on the electron transfer: recovering the Butler--Volmer equation in non-equilibrium thermodynamics},
  author={Dreyer, Wolfgang and Guhlke, Clemens and M{\"u}ller, R{\"u}diger},
  journal={Physical Chemistry Chemical Physics},
  volume={18},
  number={36},
  pages={24966--24983},
  year={2016},
  publisher={Royal Society of Chemistry}
}


@book{rubinstein1990electro,
  title={Electro-diffusion of ions},
  author={Rubinstein, Isaak},
  volume={11},
  year={1990},
  publisher={SIAM}
}


@article{dreyer2014mixture,
  title={A mixture theory of electrolytes containing solvation effects},
  author={Dreyer, Wolfgang and Guhlke, Clemens and Landstorfer, Manuel},
  journal={Electrochemistry Communications},
  volume={43},
  pages={75--78},
  year={2014},
  publisher={Elsevier}
}


@article{dreyer2013overcoming,
  title={Overcoming the shortcomings of the Nernst--Planck model},
  author={Dreyer, Wolfgang and Guhlke, Clemens and M{\"u}ller, R{\"u}diger},
  journal={Physical Chemistry Chemical Physics},
  volume={15},
  number={19},
  pages={7075--7086},
  year={2013},
  publisher={Royal Society of Chemistry}
}

@article{Fuhrmann2015,
	Author = {J. Fuhrmann},
	Journal = {Computer Physics Communications},
	Keywords = {Finite volume methods},
	Pages = {166 - 178},
	Title = {Comparison and numerical treatment of generalised {N}ernst-{P}lanck models},
	Volume = {196},
	Year = {2015},
}

@Article{FuhrmannFuelCells2016,
  author =       {J. Fuhrmann},
  title =        {A numerical strategy for Nernst–Planck systems with solvation effect},
  journal =  {Fuel cells},
doi={10.1002/fuce.201500215},
  year =         {2016},
}



@phdthesis{guhlke2015theorie,
  title={Theorie der elektrochemischen Grenzfläche},
  author={Guhlke, Clemens},
  year={2015},
  school={Berlin, Technische Universit{\"a}t Berlin, Diss., 2014}
}





@Article{Fuhrmann2016xINVERSE,
  author = {J. Fuhrmann and A. Linke and  Ch. Merdon and F. Neumann and T. Streckenbach and H. Baltruschat and M. Khodayari},
  title = {Inverse modeling of thin layer flow cells for detection of solubility, transport and reaction coefficients from experimental data},
  journal =  {Electrochimca Acta},
pages = {1--10},
doi = {10.1016/j.electacta.2016.05.101},
  year =         {2016},
}


@article{dickinson2011influence,
  title={Influence of the diffuse double layer on steady-state voltammetry},
  author={Dickinson, Edmund JF and Compton, Richard G},
  journal={Journal of electroanalytical chemistry},
  volume={661},
  number={1},
  pages={198--212},
  year={2011},
  publisher={Elsevier}
}

@inproceedings{levich1949theory,
  title={Theory of the nonequilibrium double layer},
  author={Levich, VG},
  booktitle={Dokl. Akad. Nauk SSSR},
  volume={67},
  pages={309--312},
  year={1949}
}


###########################
@article{caginalp1988dynamics,
  title={Dynamics of layered interfaces arising from phase boundaries},
  author={Caginalp, Gunduz and Fife, Paul C},
  journal={SIAM Journal on Applied Mathematics},
  volume={48},
  number={3},
  pages={506--518},
  year={1988},
  publisher={SIAM}
}



@MastersThesis{KummerDiploma,
  author =       {D. Kummer},
  title =        {Asymptotische Analysis f{ü}r Navier-Stokes-Korteweg-Systeme mit Temperatur},
  school =       {Humboldt-Universität zu Berlin},
  year =         2011}


@book{holmes2012introduction,
  title={Introduction to perturbation methods},
  author={Holmes, Mark H},
  volume={20},
  year={2012},
  publisher={Springer Science \& Business Media}
}